<?xml version="1.0" encoding="UTF-8"?><record xmlns="http://www.loc.gov/MARC21/slim" xmlns:cinclude="http://apache.org/cocoon/include/1.0" xmlns:zs="http://www.loc.gov/zing/srw/">
  <leader>00569nz  a2200145n  4500</leader>
  <controlfield tag="001">no2005018496</controlfield>
  <controlfield tag="003">DLC</controlfield>
  <controlfield tag="005">20050226071052.0</controlfield>
  <controlfield tag="008">050225n| acannaabn          |a ana      </controlfield>
  <datafield tag="010" ind1=" " ind2=" ">
    <subfield code="a">no2005018496</subfield>
  </datafield>
  <datafield tag="035" ind1=" " ind2=" ">
    <subfield code="a">(OCoLC)oca06569465</subfield>
  </datafield>
  <datafield tag="040" ind1=" " ind2=" ">
    <subfield code="a">DLC-S</subfield>
    <subfield code="b">eng</subfield>
    <subfield code="c">DLC-S</subfield>
  </datafield>
  <datafield tag="110" ind1="2" ind2=" ">
    <subfield code="a">Mekhon Shufrayah de-Yaʻaḳov (Jerusalem)</subfield>
  </datafield>
  <datafield tag="410" ind1="2" ind2=" ">
    <subfield code="a">Ḥaside Sḳṿira be-Er. ha-Ḳ.</subfield>
    <subfield code="b">Mekhon Shufrayah de-Yaʻaḳov</subfield>
  </datafield>
  <datafield tag="670" ind1=" " ind2=" ">
    <subfield code="a">Ḳovets Shufrayah de-Yaʻaḳov, Shevaṭ 762, Jan./Feb. 2002:</subfield>
    <subfield code="b">t.p. (Yerushalayim, Mekhon Shufrayah de-Yaʻaḳov she-ʻa. y. Ḥaside Sḳṿira be-Er. ha-Ḳ.)</subfield>
  </datafield>
</record>